%YAML 1.1
%TAG !u! tag:unity3d.com,2011:
--- !u!1 &787541144665500402
GameObject:
  m_ObjectHideFlags: 0
  m_CorrespondingSourceObject: {fileID: 0}
  m_PrefabInstance: {fileID: 0}
  m_PrefabAsset: {fileID: 0}
  serializedVersion: 6
  m_Component:
  - component: {fileID: 787541144665500413}
  m_Layer: 0
  m_Name: Tavern
  m_TagString: Untagged
  m_Icon: {fileID: 0}
  m_NavMeshLayer: 0
  m_StaticEditorFlags: 0
  m_IsActive: 1
--- !u!4 &787541144665500413
Transform:
  m_ObjectHideFlags: 0
  m_CorrespondingSourceObject: {fileID: 0}
  m_PrefabInstance: {fileID: 0}
  m_PrefabAsset: {fileID: 0}
  m_GameObject: {fileID: 787541144665500402}
  m_LocalRotation: {x: -0, y: -0, z: -0, w: 1}
  m_LocalPosition: {x: 79.92, y: 0, z: -42.486927}
  m_LocalScale: {x: 1, y: 1, z: 1}
  m_Children:
  - {fileID: 787541145054860224}
  - {fileID: 787541146275196882}
  - {fileID: 787541144792620476}
  - {fileID: 787541144389403934}
  - {fileID: 787541145492824176}
  - {fileID: 787541145660588383}
  m_Father: {fileID: 0}
  m_RootOrder: 0
  m_LocalEulerAnglesHint: {x: 0, y: 0, z: 0}
--- !u!1001 &787541144389270014
PrefabInstance:
  m_ObjectHideFlags: 0
  serializedVersion: 2
  m_Modification:
    m_TransformParent: {fileID: 787541144665500413}
    m_Modifications:
    - target: {fileID: 160786, guid: 7da17baa919d3ec4f866129c5784a452, type: 3}
      propertyPath: m_Name
      value: Level_4
      objectReference: {fileID: 0}
    - target: {fileID: 160786, guid: 7da17baa919d3ec4f866129c5784a452, type: 3}
      propertyPath: m_IsActive
      value: 1
      objectReference: {fileID: 0}
    - target: {fileID: 425184, guid: 7da17baa919d3ec4f866129c5784a452, type: 3}
      propertyPath: m_RootOrder
      value: 3
      objectReference: {fileID: 0}
    - target: {fileID: 425184, guid: 7da17baa919d3ec4f866129c5784a452, type: 3}
      propertyPath: m_LocalPosition.x
      value: -1.7603912
      objectReference: {fileID: 0}
    - target: {fileID: 425184, guid: 7da17baa919d3ec4f866129c5784a452, type: 3}
      propertyPath: m_LocalPosition.y
      value: 0
      objectReference: {fileID: 0}
    - target: {fileID: 425184, guid: 7da17baa919d3ec4f866129c5784a452, type: 3}
      propertyPath: m_LocalPosition.z
      value: 4.988987
      objectReference: {fileID: 0}
    - target: {fileID: 425184, guid: 7da17baa919d3ec4f866129c5784a452, type: 3}
      propertyPath: m_LocalRotation.w
      value: 1
      objectReference: {fileID: 0}
    - target: {fileID: 425184, guid: 7da17baa919d3ec4f866129c5784a452, type: 3}
      propertyPath: m_LocalRotation.x
      value: -0
      objectReference: {fileID: 0}
    - target: {fileID: 425184, guid: 7da17baa919d3ec4f866129c5784a452, type: 3}
      propertyPath: m_LocalRotation.y
      value: -0
      objectReference: {fileID: 0}
    - target: {fileID: 425184, guid: 7da17baa919d3ec4f866129c5784a452, type: 3}
      propertyPath: m_LocalRotation.z
      value: -0
      objectReference: {fileID: 0}
    - target: {fileID: 425184, guid: 7da17baa919d3ec4f866129c5784a452, type: 3}
      propertyPath: m_LocalEulerAnglesHint.x
      value: 0
      objectReference: {fileID: 0}
    - target: {fileID: 425184, guid: 7da17baa919d3ec4f866129c5784a452, type: 3}
      propertyPath: m_LocalEulerAnglesHint.y
      value: 0
      objectReference: {fileID: 0}
    - target: {fileID: 425184, guid: 7da17baa919d3ec4f866129c5784a452, type: 3}
      propertyPath: m_LocalEulerAnglesHint.z
      value: 0
      objectReference: {fileID: 0}
    m_RemovedComponents: []
  m_SourcePrefab: {fileID: 100100000, guid: 7da17baa919d3ec4f866129c5784a452, type: 3}
--- !u!4 &787541144389403934 stripped
Transform:
  m_CorrespondingSourceObject: {fileID: 425184, guid: 7da17baa919d3ec4f866129c5784a452,
    type: 3}
  m_PrefabInstance: {fileID: 787541144389270014}
  m_PrefabAsset: {fileID: 0}
--- !u!1001 &787541144792237706
PrefabInstance:
  m_ObjectHideFlags: 0
  serializedVersion: 2
  m_Modification:
    m_TransformParent: {fileID: 787541144665500413}
    m_Modifications:
    - target: {fileID: 139500, guid: ce376cc3262bffd4c91480b27fc6fd9a, type: 3}
      propertyPath: m_Name
      value: Level_3
      objectReference: {fileID: 0}
    - target: {fileID: 139500, guid: ce376cc3262bffd4c91480b27fc6fd9a, type: 3}
      propertyPath: m_IsActive
      value: 1
      objectReference: {fileID: 0}
    - target: {fileID: 449334, guid: ce376cc3262bffd4c91480b27fc6fd9a, type: 3}
      propertyPath: m_RootOrder
      value: 2
      objectReference: {fileID: 0}
    - target: {fileID: 449334, guid: ce376cc3262bffd4c91480b27fc6fd9a, type: 3}
      propertyPath: m_LocalScale.x
      value: 0.8
      objectReference: {fileID: 0}
    - target: {fileID: 449334, guid: ce376cc3262bffd4c91480b27fc6fd9a, type: 3}
      propertyPath: m_LocalScale.y
      value: 0.8
      objectReference: {fileID: 0}
    - target: {fileID: 449334, guid: ce376cc3262bffd4c91480b27fc6fd9a, type: 3}
      propertyPath: m_LocalScale.z
      value: 0.8
      objectReference: {fileID: 0}
    - target: {fileID: 449334, guid: ce376cc3262bffd4c91480b27fc6fd9a, type: 3}
      propertyPath: m_LocalPosition.x
      value: 6.2400055
      objectReference: {fileID: 0}
    - target: {fileID: 449334, guid: ce376cc3262bffd4c91480b27fc6fd9a, type: 3}
      propertyPath: m_LocalPosition.y
      value: 0
      objectReference: {fileID: 0}
    - target: {fileID: 449334, guid: ce376cc3262bffd4c91480b27fc6fd9a, type: 3}
      propertyPath: m_LocalPosition.z
      value: 1.6669273
      objectReference: {fileID: 0}
    - target: {fileID: 449334, guid: ce376cc3262bffd4c91480b27fc6fd9a, type: 3}
      propertyPath: m_LocalRotation.w
      value: 0.7071068
      objectReference: {fileID: 0}
    - target: {fileID: 449334, guid: ce376cc3262bffd4c91480b27fc6fd9a, type: 3}
      propertyPath: m_LocalRotation.x
      value: -0
      objectReference: {fileID: 0}
    - target: {fileID: 449334, guid: ce376cc3262bffd4c91480b27fc6fd9a, type: 3}
      propertyPath: m_LocalRotation.y
      value: -0.70710677
      objectReference: {fileID: 0}
    - target: {fileID: 449334, guid: ce376cc3262bffd4c91480b27fc6fd9a, type: 3}
      propertyPath: m_LocalRotation.z
      value: -0
      objectReference: {fileID: 0}
    - target: {fileID: 449334, guid: ce376cc3262bffd4c91480b27fc6fd9a, type: 3}
      propertyPath: m_LocalEulerAnglesHint.x
      value: 0
      objectReference: {fileID: 0}
    - target: {fileID: 449334, guid: ce376cc3262bffd4c91480b27fc6fd9a, type: 3}
      propertyPath: m_LocalEulerAnglesHint.y
      value: -90.00001
      objectReference: {fileID: 0}
    - target: {fileID: 449334, guid: ce376cc3262bffd4c91480b27fc6fd9a, type: 3}
      propertyPath: m_LocalEulerAnglesHint.z
      value: 0
      objectReference: {fileID: 0}
    m_RemovedComponents: []
  m_SourcePrefab: {fileID: 100100000, guid: ce376cc3262bffd4c91480b27fc6fd9a, type: 3}
--- !u!4 &787541144792620476 stripped
Transform:
  m_CorrespondingSourceObject: {fileID: 449334, guid: ce376cc3262bffd4c91480b27fc6fd9a,
    type: 3}
  m_PrefabInstance: {fileID: 787541144792237706}
  m_PrefabAsset: {fileID: 0}
--- !u!1001 &787541145054440548
PrefabInstance:
  m_ObjectHideFlags: 0
  serializedVersion: 2
  m_Modification:
    m_TransformParent: {fileID: 787541144665500413}
    m_Modifications:
    - target: {fileID: 194432, guid: d0b9850f285e3d04cbea6899b24547de, type: 3}
      propertyPath: m_Name
      value: Level_1
      objectReference: {fileID: 0}
    - target: {fileID: 442276, guid: d0b9850f285e3d04cbea6899b24547de, type: 3}
      propertyPath: m_RootOrder
      value: 0
      objectReference: {fileID: 0}
    - target: {fileID: 442276, guid: d0b9850f285e3d04cbea6899b24547de, type: 3}
      propertyPath: m_LocalPosition.x
      value: 0
      objectReference: {fileID: 0}
    - target: {fileID: 442276, guid: d0b9850f285e3d04cbea6899b24547de, type: 3}
      propertyPath: m_LocalPosition.y
      value: 0
      objectReference: {fileID: 0}
    - target: {fileID: 442276, guid: d0b9850f285e3d04cbea6899b24547de, type: 3}
      propertyPath: m_LocalPosition.z
      value: 0
      objectReference: {fileID: 0}
    - target: {fileID: 442276, guid: d0b9850f285e3d04cbea6899b24547de, type: 3}
      propertyPath: m_LocalRotation.w
      value: 1
      objectReference: {fileID: 0}
    - target: {fileID: 442276, guid: d0b9850f285e3d04cbea6899b24547de, type: 3}
      propertyPath: m_LocalRotation.x
      value: -0
      objectReference: {fileID: 0}
    - target: {fileID: 442276, guid: d0b9850f285e3d04cbea6899b24547de, type: 3}
      propertyPath: m_LocalRotation.y
      value: -0
      objectReference: {fileID: 0}
    - target: {fileID: 442276, guid: d0b9850f285e3d04cbea6899b24547de, type: 3}
      propertyPath: m_LocalRotation.z
      value: -0
      objectReference: {fileID: 0}
    - target: {fileID: 442276, guid: d0b9850f285e3d04cbea6899b24547de, type: 3}
      propertyPath: m_LocalEulerAnglesHint.x
      value: 0
      objectReference: {fileID: 0}
    - target: {fileID: 442276, guid: d0b9850f285e3d04cbea6899b24547de, type: 3}
      propertyPath: m_LocalEulerAnglesHint.y
      value: 0
      objectReference: {fileID: 0}
    - target: {fileID: 442276, guid: d0b9850f285e3d04cbea6899b24547de, type: 3}
      propertyPath: m_LocalEulerAnglesHint.z
      value: 0
      objectReference: {fileID: 0}
    m_RemovedComponents: []
  m_SourcePrefab: {fileID: 100100000, guid: d0b9850f285e3d04cbea6899b24547de, type: 3}
--- !u!4 &787541145054860224 stripped
Transform:
  m_CorrespondingSourceObject: {fileID: 442276, guid: d0b9850f285e3d04cbea6899b24547de,
    type: 3}
  m_PrefabInstance: {fileID: 787541145054440548}
  m_PrefabAsset: {fileID: 0}
--- !u!1001 &787541145492950830
PrefabInstance:
  m_ObjectHideFlags: 0
  serializedVersion: 2
  m_Modification:
    m_TransformParent: {fileID: 787541144665500413}
    m_Modifications:
    - target: {fileID: 180636, guid: 7d004fca558aa0b40be22bf551b12a1c, type: 3}
      propertyPath: m_Name
      value: Level_5
      objectReference: {fileID: 0}
    - target: {fileID: 180636, guid: 7d004fca558aa0b40be22bf551b12a1c, type: 3}
      propertyPath: m_IsActive
      value: 1
      objectReference: {fileID: 0}
    - target: {fileID: 405342, guid: 7d004fca558aa0b40be22bf551b12a1c, type: 3}
      propertyPath: m_RootOrder
      value: 4
      objectReference: {fileID: 0}
    - target: {fileID: 405342, guid: 7d004fca558aa0b40be22bf551b12a1c, type: 3}
      propertyPath: m_LocalPosition.x
      value: 3.2799988
      objectReference: {fileID: 0}
    - target: {fileID: 405342, guid: 7d004fca558aa0b40be22bf551b12a1c, type: 3}
      propertyPath: m_LocalPosition.y
      value: 0
      objectReference: {fileID: 0}
    - target: {fileID: 405342, guid: 7d004fca558aa0b40be22bf551b12a1c, type: 3}
      propertyPath: m_LocalPosition.z
      value: 4.8547897
      objectReference: {fileID: 0}
    - target: {fileID: 405342, guid: 7d004fca558aa0b40be22bf551b12a1c, type: 3}
      propertyPath: m_LocalRotation.w
      value: 1
      objectReference: {fileID: 0}
    - target: {fileID: 405342, guid: 7d004fca558aa0b40be22bf551b12a1c, type: 3}
      propertyPath: m_LocalRotation.x
      value: -0
      objectReference: {fileID: 0}
    - target: {fileID: 405342, guid: 7d004fca558aa0b40be22bf551b12a1c, type: 3}
      propertyPath: m_LocalRotation.y
      value: -0
      objectReference: {fileID: 0}
    - target: {fileID: 405342, guid: 7d004fca558aa0b40be22bf551b12a1c, type: 3}
      propertyPath: m_LocalRotation.z
      value: -0
      objectReference: {fileID: 0}
    - target: {fileID: 405342, guid: 7d004fca558aa0b40be22bf551b12a1c, type: 3}
      propertyPath: m_LocalEulerAnglesHint.x
      value: 0
      objectReference: {fileID: 0}
    - target: {fileID: 405342, guid: 7d004fca558aa0b40be22bf551b12a1c, type: 3}
      propertyPath: m_LocalEulerAnglesHint.y
      value: 0
      objectReference: {fileID: 0}
    - target: {fileID: 405342, guid: 7d004fca558aa0b40be22bf551b12a1c, type: 3}
      propertyPath: m_LocalEulerAnglesHint.z
      value: 0
      objectReference: {fileID: 0}
    m_RemovedComponents: []
  m_SourcePrefab: {fileID: 100100000, guid: 7d004fca558aa0b40be22bf551b12a1c, type: 3}
--- !u!4 &787541145492824176 stripped
Transform:
  m_CorrespondingSourceObject: {fileID: 405342, guid: 7d004fca558aa0b40be22bf551b12a1c,
    type: 3}
  m_PrefabInstance: {fileID: 787541145492950830}
  m_PrefabAsset: {fileID: 0}
--- !u!1001 &787541145660709481
PrefabInstance:
  m_ObjectHideFlags: 0
  serializedVersion: 2
  m_Modification:
    m_TransformParent: {fileID: 787541144665500413}
    m_Modifications:
    - target: {fileID: 139500, guid: ce376cc3262bffd4c91480b27fc6fd9a, type: 3}
      propertyPath: m_Name
      value: Level_6
      objectReference: {fileID: 0}
    - target: {fileID: 139500, guid: ce376cc3262bffd4c91480b27fc6fd9a, type: 3}
      propertyPath: m_IsActive
      value: 1
      objectReference: {fileID: 0}
    - target: {fileID: 449334, guid: ce376cc3262bffd4c91480b27fc6fd9a, type: 3}
      propertyPath: m_RootOrder
      value: 5
      objectReference: {fileID: 0}
    - target: {fileID: 449334, guid: ce376cc3262bffd4c91480b27fc6fd9a, type: 3}
      propertyPath: m_LocalScale.x
      value: 0.8
      objectReference: {fileID: 0}
    - target: {fileID: 449334, guid: ce376cc3262bffd4c91480b27fc6fd9a, type: 3}
      propertyPath: m_LocalScale.y
      value: 0.8
      objectReference: {fileID: 0}
    - target: {fileID: 449334, guid: ce376cc3262bffd4c91480b27fc6fd9a, type: 3}
      propertyPath: m_LocalScale.z
      value: 0.8
      objectReference: {fileID: 0}
    - target: {fileID: 449334, guid: ce376cc3262bffd4c91480b27fc6fd9a, type: 3}
      propertyPath: m_LocalPosition.x
      value: 6.2400055
      objectReference: {fileID: 0}
    - target: {fileID: 449334, guid: ce376cc3262bffd4c91480b27fc6fd9a, type: 3}
      propertyPath: m_LocalPosition.y
      value: 0
      objectReference: {fileID: 0}
    - target: {fileID: 449334, guid: ce376cc3262bffd4c91480b27fc6fd9a, type: 3}
      propertyPath: m_LocalPosition.z
      value: -3.3330727
      objectReference: {fileID: 0}
    - target: {fileID: 449334, guid: ce376cc3262bffd4c91480b27fc6fd9a, type: 3}
      propertyPath: m_LocalRotation.w
      value: 0.7071068
      objectReference: {fileID: 0}
    - target: {fileID: 449334, guid: ce376cc3262bffd4c91480b27fc6fd9a, type: 3}
      propertyPath: m_LocalRotation.x
      value: -0
      objectReference: {fileID: 0}
    - target: {fileID: 449334, guid: ce376cc3262bffd4c91480b27fc6fd9a, type: 3}
      propertyPath: m_LocalRotation.y
      value: -0.70710677
      objectReference: {fileID: 0}
    - target: {fileID: 449334, guid: ce376cc3262bffd4c91480b27fc6fd9a, type: 3}
      propertyPath: m_LocalRotation.z
      value: -0
      objectReference: {fileID: 0}
    - target: {fileID: 449334, guid: ce376cc3262bffd4c91480b27fc6fd9a, type: 3}
      propertyPath: m_LocalEulerAnglesHint.x
      value: 0
      objectReference: {fileID: 0}
    - target: {fileID: 449334, guid: ce376cc3262bffd4c91480b27fc6fd9a, type: 3}
      propertyPath: m_LocalEulerAnglesHint.y
      value: -90.00001
      objectReference: {fileID: 0}
    - target: {fileID: 449334, guid: ce376cc3262bffd4c91480b27fc6fd9a, type: 3}
      propertyPath: m_LocalEulerAnglesHint.z
      value: 0
      objectReference: {fileID: 0}
    m_RemovedComponents: []
  m_SourcePrefab: {fileID: 100100000, guid: ce376cc3262bffd4c91480b27fc6fd9a, type: 3}
--- !u!4 &787541145660588383 stripped
Transform:
  m_CorrespondingSourceObject: {fileID: 449334, guid: ce376cc3262bffd4c91480b27fc6fd9a,
    type: 3}
  m_PrefabInstance: {fileID: 787541145660709481}
  m_PrefabAsset: {fileID: 0}
--- !u!1001 &787541146275130646
PrefabInstance:
  m_ObjectHideFlags: 0
  serializedVersion: 2
  m_Modification:
    m_TransformParent: {fileID: 787541144665500413}
    m_Modifications:
    - target: {fileID: 123480, guid: 4e3cbdead99e97f40964a8678576e303, type: 3}
      propertyPath: m_Name
      value: Level_2
      objectReference: {fileID: 0}
    - target: {fileID: 123480, guid: 4e3cbdead99e97f40964a8678576e303, type: 3}
      propertyPath: m_IsActive
      value: 1
      objectReference: {fileID: 0}
    - target: {fileID: 459460, guid: 4e3cbdead99e97f40964a8678576e303, type: 3}
      propertyPath: m_RootOrder
      value: 1
      objectReference: {fileID: 0}
    - target: {fileID: 459460, guid: 4e3cbdead99e97f40964a8678576e303, type: 3}
      propertyPath: m_LocalPosition.x
      value: 4.810005
      objectReference: {fileID: 0}
    - target: {fileID: 459460, guid: 4e3cbdead99e97f40964a8678576e303, type: 3}
      propertyPath: m_LocalPosition.y
      value: 3.8
      objectReference: {fileID: 0}
    - target: {fileID: 459460, guid: 4e3cbdead99e97f40964a8678576e303, type: 3}
      propertyPath: m_LocalPosition.z
      value: 5.9485855
      objectReference: {fileID: 0}
    - target: {fileID: 459460, guid: 4e3cbdead99e97f40964a8678576e303, type: 3}
      propertyPath: m_LocalRotation.w
      value: 1
      objectReference: {fileID: 0}
    - target: {fileID: 459460, guid: 4e3cbdead99e97f40964a8678576e303, type: 3}
      propertyPath: m_LocalRotation.x
      value: -0
      objectReference: {fileID: 0}
    - target: {fileID: 459460, guid: 4e3cbdead99e97f40964a8678576e303, type: 3}
      propertyPath: m_LocalRotation.y
      value: -0
      objectReference: {fileID: 0}
    - target: {fileID: 459460, guid: 4e3cbdead99e97f40964a8678576e303, type: 3}
      propertyPath: m_LocalRotation.z
      value: -0
      objectReference: {fileID: 0}
    - target: {fileID: 459460, guid: 4e3cbdead99e97f40964a8678576e303, type: 3}
      propertyPath: m_LocalEulerAnglesHint.x
      value: 0
      objectReference: {fileID: 0}
    - target: {fileID: 459460, guid: 4e3cbdead99e97f40964a8678576e303, type: 3}
      propertyPath: m_LocalEulerAnglesHint.y
      value: 0
      objectReference: {fileID: 0}
    - target: {fileID: 459460, guid: 4e3cbdead99e97f40964a8678576e303, type: 3}
      propertyPath: m_LocalEulerAnglesHint.z
      value: 0
      objectReference: {fileID: 0}
    m_RemovedComponents: []
  m_SourcePrefab: {fileID: 100100000, guid: 4e3cbdead99e97f40964a8678576e303, type: 3}
--- !u!4 &787541146275196882 stripped
Transform:
  m_CorrespondingSourceObject: {fileID: 459460, guid: 4e3cbdead99e97f40964a8678576e303,
    type: 3}
  m_PrefabInstance: {fileID: 787541146275130646}
  m_PrefabAsset: {fileID: 0}
